@Misc{wiki,
author = "{Wikipedia contributors}",
title = {Typography},
year = {2021},
howpublished = {[online]},
url = {https://en.wikipedia.org/wiki/Typography},
note = {[videné 16. 4. 2021]}
}

@Misc{detepe,
author = "{Juráček A.}",
title = {Tajomstvo dokonalej typografie},
year = {2017},
howpublished = {[online]},
url = {https://detepe.sk/tajomstvo-dokonalej-typografie/},
note = {[videné 16. 4. 2021]}
}

@Article{nature,
author = {Bang Wong},
title = {Points of view: Typography},
journal = {Nature Methods},
year = {2011},
month = {April},
url = {https://doi.org/10.1038/nmeth0411-277},
note = {[videné 16. 4. 2021]},
}

@InBook{history,
author = {Gavin Ambrose and Paul Harris},
title = {The Fundamentals of Typography},
chapter = {1},
publisher = {AVA Publishing},
year = {2006},
edition = {1},
address = {Lausanne 6, Switzerland},
isbn = {978-2-940373-45-1},
}

@InBook{esej,
author = {Eric Gill},
title = {Esej o typografii},
publisher = {Rubato},
year = {2014},
edition = {1},
address = {Praha},
isbn = "978-80-87705-14-8",
pages = {24},
}

@Article{kali,
author = {Özden Pektaş Turgut},
title = {Calligraphic Forms in Contemporary Typographic Design},
journal = {Procedia - Social and Behavioral Sciences},
volume = {122},
pages = {40--45},
year = {2014},
issn = {1877--0428},
url = {https://doi.org/10.1016/j.sbspro.2014.01.1300},
}

@Proceedings{casopis,
title = {Typografia},
year = {1888--2006. Vychádzal mesačne},
OPTaddress = {Praha},
organization = {Polygrafický průmysl Praha},
publisher = {Karel Krunert},
issn = {0322-9068},
}

@MastersThesis{PCtypo,
author = {Kristína Kuchárová},
title = {Vliv počítačových technologií na estetiku a~vizuální podobu realizací graficko-designérskych projektů},
school = {Univerzita Tomáše Bati, Fakulta multimediálních komunikací, Zlín},
year = {2011},
type = {Bakalárská práca}
}

@MastersThesis{programy,
author = {Gabriel Ádám},
title = {Merkantilné a propagačné tlačoviny 
pre NO LIMIT},
school = {Masarykova univerzita, Fakulta informatiky, Brno},
year = {2013},
type = {Bakalárská práca}
}


@Misc{overleaf,
author = "{Overleaf team}",
title = {Learn LaTeX in 30 minutes},
year = {2021},
howpublished = {[online]},
url = {https://www.overleaf.com/learn/latex/Learn_LaTeX_in_30_minutes},
note = {[videné 16. 4. 2021]}
}